@misc{wikipedia_2018, author={Anon.}, title={Gauss' method}, url={https://en.wikipedia.org/wiki/Gauss'_method}, journal={Wikipedia}, publisher={Wikimedia Foundation}, year=2018, month={Sep}}
@book{kluever_2018, place={Hoboken}, title={Space flight dynamics}, publisher={Wiley}, author={Kluever, Craig A.}, year={2018}}
@book{bate_mueller_white_2015, place={New York}, title={Fundamentals of astrodynamics}, publisher={Dover Publications}, author={Bate, Roger R. and Mueller, Donald D. and White, Jerry E.}, year=2015}
@book{curtis_2014, place={Amsterdam}, title={Orbital mechanics for engineering students}, publisher={Elsevier}, author={Curtis, Howard D.}, year={2014}}
